
@book{jessop_state_1990,
	address = {Cambridge},
	title = {State theory : putting the capitalist state in its place / {Bob} {Jessop}.},
	isbn = {0-7456-0289-4},
	language = {eng},
	publisher = {Polity},
	author = {Jessop, Bob},
	year = {1990},
	lccn = {bnb74560289}
}

@book{dahrendorf_class_1976,
	address = {London},
	title = {Class and class conflict in industrial society},
	isbn = {978-0-7100-1249-4 978-0-7100-7461-4},
	language = {eng},
	publisher = {Routledge \& Kegan Paul},
	author = {Dahrendorf, Ralf},
	year = {1976},
	note = {OCLC: 838934454}
}

@book{jessop_capitalist_1982,
	address = {Oxford},
	title = {The capitalist state: {Marxist} theories and methods},
	isbn = {978-0-85520-269-9 978-0-85520-268-2},
	shorttitle = {The capitalist state},
	publisher = {M. Robertson},
	author = {Jessop, Bob},
	year = {1982},
	keywords = {Capitalism, Communism, State, The}
}

@book{jessop_capitalist_1982-1,
	address = {Oxford},
	title = {The capitalist state: {Marxist} theories and methods},
	isbn = {978-0-85520-269-9 978-0-85520-268-2},
	shorttitle = {The capitalist state},
	publisher = {M. Robertson},
	author = {Jessop, Bob},
	year = {1982},
	keywords = {Capitalism, Communism, State, The}
}

@book{jessop_capitalist_1982-2,
	address = {Oxford},
	title = {The capitalist state: {Marxist} theories and methods},
	isbn = {978-0-85520-269-9 978-0-85520-268-2},
	shorttitle = {The capitalist state},
	publisher = {M. Robertson},
	author = {Jessop, Bob},
	year = {1982},
	keywords = {Capitalism, Communism, State, The}
}

@book{jessop_capitalist_1982-3,
	address = {Oxford},
	title = {The capitalist state: {Marxist} theories and methods},
	isbn = {978-0-85520-269-9 978-0-85520-268-2},
	shorttitle = {The capitalist state},
	publisher = {M. Robertson},
	author = {Jessop, Bob},
	year = {1982},
	keywords = {Capitalism, Communism, State, The}
}

@book{jessop_capitalist_1982-4,
	address = {Oxford},
	title = {The capitalist state: {Marxist} theories and methods},
	isbn = {978-0-85520-269-9 978-0-85520-268-2},
	shorttitle = {The capitalist state},
	publisher = {M. Robertson},
	author = {Jessop, Bob},
	year = {1982},
	keywords = {Capitalism, Communism, State, The}
}

@book{noauthor_notitle_nodate
}

@book{jessop_state_1990-1,
	address = {Cambridge, U.K},
	title = {State theory: putting the {Capitalist} state in its place},
	isbn = {0-7456-0289-4 0-7456-0290-8},
	publisher = {Polity Press},
	author = {Jessop, Bob},
	year = {1990},
	keywords = {Capitalism, Communism, State, The}
}

@book{jessop_state_1990-2,
	address = {Cambridge},
	title = {State theory : putting the capitalist state in its place / {Bob} {Jessop}.},
	publisher = {Cambridge : Polity},
	author = {Jessop, Bob},
	year = {1990},
	keywords = {State, The}
}

@misc{noauthor_privatisation_nodate,
	title = {Privatisation is deeply unpopular with voters. {Here}'s how to end it {\textbar} {John} {Quiggin} {\textbar} {Opinion} {\textbar} {The} {Guardian}},
	url = {https://www.theguardian.com/commentisfree/2018/jan/29/privatisation-is-deeply-unpopular-with-voters-heres-how-to-end-it},
	urldate = {2019-09-23}
}

@book{jessop_state_1990-3,
	address = {Cambridge},
	title = {State theory : putting the capitalist state in its place / {Bob} {Jessop}.},
	isbn = {0-7456-0289-4},
	language = {eng},
	publisher = {Polity},
	author = {Jessop, Bob},
	year = {1990},
	lccn = {bnb74560289},
	keywords = {State, The}
}